<?xml version="1.0" encoding="UTF-8"?><record xmlns="http://www.loc.gov/MARC21/slim" xmlns:cinclude="http://apache.org/cocoon/include/1.0" xmlns:zs="http://www.loc.gov/zing/srw/">
  <leader>00331nz  a2200133n  4500</leader>
  <controlfield tag="001">no 99034135 </controlfield>
  <controlfield tag="003">DLC</controlfield>
  <controlfield tag="005">19990513054057.5</controlfield>
  <controlfield tag="008">990512n| acannaab|          |n aaa     c</controlfield>
  <datafield tag="010" ind1=" " ind2=" ">
    <subfield code="a">no 99034135 </subfield>
  </datafield>
  <datafield tag="035" ind1=" " ind2=" ">
    <subfield code="a">(OCoLC)oca04984220 </subfield>
  </datafield>
  <datafield tag="040" ind1=" " ind2=" ">
    <subfield code="a">WyU</subfield>
    <subfield code="c">WyU</subfield>
  </datafield>
  <datafield tag="100" ind1="1" ind2=" ">
    <subfield code="a">McMahan, Gary</subfield>
  </datafield>
  <datafield tag="670" ind1=" " ind2=" ">
    <subfield code="a">A cowboyin' day, c1992:</subfield>
    <subfield code="b">label (Gary McMahan)</subfield>
  </datafield>
</record>